@book{c_a_r_orig,
    place={American Mathematical Soc.}, 
    title={The game of cops and robbers on graphs}, 
    author={Bonato, Anthony AND Nowakowski, Richard J.}, 
    year={2011},
    url={https://books.google.pl/books?hl=pl&lr=&id=-CyIAwAAQBAJ&oi=fnd&pg=PR11&ots=-mfcEbfZjt&sig=eW9_GxVPFTYb-Tt_u5S8HZAdxt4&redir_esc=y#v=onepage&q&f=false}
}
@article{c_s_r,
  author = {Burgess, Andrea C. AND Cameron, Rosalind A. AND Clarke, Nancy E. AND Danziger, Peter AND Finbow, Stephen AND Jones, Caleb W. AND Pike, David A. },
  journal = {Discrete Applied Mathematics},
  number = {285: 552-566},
  title = {Cops that surround a robber},
  year = {2020}
}
@article{b_s_p,
  author = {Clarke, Nancy E. AND Dyer, Danny  AND Kellough, William },
  journal = {arXiv preprint},
  number = {arXiv:2408.10452},
  title = {Eternally surrounding a robber},
  year = {2024}
}
 
